@article{famous:paper,
	author = "Author",
	doi = "11001",
	journal = "Journal",
	keywords = "Keywords",
	pages = "107--113",
	title = "{Paper title}",
	url = "http://www.foo.com",
	volume = 1,
	year = 2015
}